@article{Mastering,
  title={Mastering Data Warehouse Desing, Relational and Dimensional Techiniques},
  author={Imhoff C, y Galemmo},
  journal={Wiley Publishing Inc.},
  pages={28--29},
  year={2003}
}

@article{Kumar,
  title={Methodological Standpoint: Inmon Vs Kimball},
  author={Aravind Kumar Balasubramaniami},
  journal={Revista Publicando},
  pages={3--5},
  year={2015}
}

@article{silva2017gestion,
  title={Metodolog√≠a de Kimballl},
  author={Silva, Erlinda Elisabeth Jim{\'e}nez and Cerda, Luis Alfonso Lema and Altamirano, Janeth Fernanda Larrea},
  journal={Revista Publicando},
  volume={4},
  number={12 (2)},
  pages={640--657},
  year={2017}
}

@article{aquino,
  title={La metodolog{\'\i}a de Kimball para el dise{\~n}o de almacenes de datos (Data warehouses)},
  author={Rivadera, Gustavo},
  journal={Universidad Catolica de Salta},
  pages={56--71},
  year={2010}
}

@article{aquino1,
  title={Metodolog{\'\i}as para desarrollar Almac{\'e}n de Datos.},
  author={Leonard Brizuela, Eric Ismael and Castro Blanco, Yudi},
  journal={Revista de arquitectura e Ingenier{\'\i}a},
  volume={7},
  number={3},
  year={2013},
  publisher={Empresa de Proyectos de Arquitectura e Ingenier{\'\i}a de Matanzas}
}


@article{Mary,
  title={Comparing the Basics of the Kimball and Inmon Modelsl},
  author={Mary Breslin},
  journal={Capella University},
  pages={11--13},
  year={2015}
}

